@Article         {xxxx,
        author = {xxxxxxxxxxxxxx},
         title = {xxxxxxxxxxxxxxxxxxxxxxxxx},
       journal = {xxxxxxxxxxxxxxxxxxxxxxxxxxxxxxxx},
          year = 2010
}
